
@misc{Liverpool,
TITLE       = {How data(and some breathtaking soccer) brought Liverpool to the cusp of glory },
ORGANIZATION = {New York Times Magazine},
YEAR        = {2019},
URL         = {https://www.nytimes.com/2019/05/22/magazine/soccer-data-liverpool.html}
}






@ARTICLE{Coefficient,
AUTHOR      = {BARRAT A,BARTHELEMY M,VESPIGNANI A},
TITLE       = {The architecture of complex weighted networks:Measurements and models},
JOURNAL     = {Proceedings of the National Academy of Sciences of the United States of America},
YEAR        = {2003},
Volume      = {101(11)},
Pages       = {37-47}
}

@ARTICLE{AHP,
author={Thomas L. Saaty},
title={How to make a decision: The Analytic Hierarchy Process},
JOURNAL     ={European Journal of Operational Research},
year={1990},
Volume = {48},
Pages= {9-26}
}

@ARTICLE{PageRank,
AUTHOR      = {Page L, Brin S, Motwani R, Winograd T},
TITLE       = {The pagerank citation ranking: Bringing order to the web},
JOURNAL     = {Stanford InfoLab},
YEAR        = {1999},
}

@misc{Wiki_cut_theorem,
TITLE       = {Max-flow min-cut theorem},
ORGANIZATION = {Wikipedia},
URL         = {https://en.wikipedia.org/wiki/Max-flow_min-cut_theorem}
}

@misc{Wiki_Dinic,
TITLE       = {Dinic algorithm},
ORGANIZATION = {Wikipedia},
URL         = {https://en.wikipedia.org/wiki/Dinic%27s_algorithm}
}
